@inproceedings{
    bi2022learning,
    title={Learning Generalizable Models for Vehicle Routing Problems via Knowledge Distillation},
    author={Bi, Jieyi and Ma, Yining and Wang, Jiahai and Cao, Zhiguang and Chen, Jinbiao and Sun, Yuan and Chee, Yeow Meng},
    booktitle = {Advances in Neural Information Processing Systems},
    year={2022}
}

@article{baker2003genetic,
  title={A genetic algorithm for the vehicle routing problem},
  author={Baker, Barrie M and Ayechew, MA1951066},
  journal={Computers \& Operations Research},
  volume={30},
  number={5},
  pages={787--800},
  year={2003},
  publisher={Elsevier}
}

@article{vincent2017simulated,
  title={A simulated annealing heuristic for the hybrid vehicle routing problem},
  author={Vincent, F Yu and Redi, AAN Perwira and Hidayat, Yosi Agustina and Wibowo, Oktaviyanto Jimat},
  journal={Applied Soft Computing},
  volume={53},
  pages={119--132},
  year={2017},
  publisher={Elsevier}
}

@inproceedings{kara2003integer,
  title={Integer linear programming formulation of the generalized vehicle routing problem},
  author={Kara, Imdat and Bektas, Tolga},
  booktitle={Proc. of the 5-th EURO/INFORMS Joint International Meeting},
  pages={06--10},
  year={2003},
  organization={Citeseer Istanbul}
}